<?xml version="1.0" encoding="UTF-8"?><collection xmlns="http://www.loc.gov/MARC21/slim"><record><leader>00510nam--2200181-i-4500</leader><controlfield tag="001">000026826</controlfield><controlfield tag="002">20161230</controlfield><controlfield tag="005">20170123233740</controlfield><controlfield tag="008">060222s1000------------r-----000-0-eng-d</controlfield><datafield ind1=" " ind2=" " tag="080"><subfield code="a">517.977.1</subfield></datafield><datafield ind1=" " ind2=" " tag="100"><subfield code="a">Kluvanek, Igor</subfield></datafield><datafield ind1=" " ind2=" " tag="245"><subfield code="a">Vector measures and control systems</subfield></datafield><datafield ind1=" " ind2=" " tag="260"><subfield code="a">Amsterdam</subfield><subfield code="b">North-Holland Publ.Co</subfield><subfield code="c">1975</subfield></datafield><datafield ind1=" " ind2=" " tag="300"><subfield code="a">IX + 180 p</subfield></datafield><datafield ind1=" " ind2=" " tag="490"><subfield code="a">North-Holland Mathematics Studies. Notas De Matematica</subfield></datafield><datafield ind1=" " ind2=" " tag="700"><subfield code="a">Knowles, Greg</subfield></datafield><datafield ind1=" " ind2=" " tag="852"><subfield code="a">42881</subfield><subfield code="c">515/516</subfield></datafield><datafield ind1=" " ind2=" " tag="CAT"><subfield code="a">SYS</subfield><subfield code="c">20170123</subfield><subfield code="h">233740</subfield></datafield></record></collection>